@article{merk2019ip,
  title = {{Wie sollten R{\"u}ckmeldungen von quantitativ erfasstem Sch{\"u}lerfeedback (nicht) gestaltet werden? Wahrgenommene Informativit{\"a}t und Interpretationssicherheit von quantitativen R{\"u}ckmeldungen zur Unterrichtsqualit{\"a}t}},
  issn = {0340-4099, 2520-873X},
  shorttitle = {{Wie sollten R{\"u}ckmeldungen von quantitativ erfasstem Sch{\"u}lerfeedback (nicht) gestaltet werden?}},
  language = {de},
  journal = {Unterrichtswissenschaft},
  doi = {10.1007/s42010-019-00048-5},
  author = {Merk, Samuel and Poindl, Simone and Bohl, Thorsten},
  pubstate = {in press}
}
